@Book{KeilStefan2017D,
address = {Berlin, Heidelberg},
author = {Keil, Stefan},
edition = {2., neu bearb. Aufl.},
year = {2017},
title = {Dehnungsmessstreifen},
publisher = {Springer Verlag},
}
@manual{varian,
author = "{Varian Vacuum Technologies}",
month = {April},
title = "{TPC-compact (Technical Information)}",
url = {https://www.idealvac.com/files/manualsII/Varian_TPS-compact.pdf},
urldate = {26.09.2019},
year = 2008, 
type = {Datasheet},
}
@manual{varian_frg700,
author = "{Agilent}",
month = {March},
title = "{Inverted Magnetron Pirani Gauge: FRG-700, FRG-702}",
url = {https://www.agilent.com/cs/library/usermanuals/public/TQNA74E1%203%20Inverted%20Magnetron%20Priani%20Gauge%20FRG-700%20FRG-702%20Operating%20Manual.pdf},
urldate = {28.09.2019},
year = 2012, 
type = {Datasheet},
}
@techreport{reuters_agilent,
author = "{Reuters}",
month = {July},
title = "{Agilent to buy Varian for \$1.5 billion}",
url = {https://www.reuters.com/article/us-varian/agilent-to-buy-varian-for-1-5-billion-idUSTRE56Q1ZC20090727},
urldate = {28.09.2019},
year = 2009, 
}
@techreport{ephy_mess_nwtf,
author = "{Ephy Mess GmbH}",
title = "{Technische Informationen Folienwiderstandsthermometer NWT-Folie}",
url = {https://www.ephy-mess.de/de/produkte-loesungen/technische-informationen/technische-informationen/technische-informationen-nwt-folie/},
urldate = {27.09.2019},
}
@manual{ti_basic_guide_rtd,
author = {Joseph Wu},
month = {Juni},
title = "{A Basic Guide to RTD Measurements}",
url = {http://www.ti.com/lit/an/sbaa275/sbaa275.pdf},
urldate = {04.10.2019},
year = 2018, 
type = "{Application Report}",
}
@techreport{en60751,
author = {IEC},
month = {Juli},
title = "{IEC 60751 - Edition 2.0 2008-07}",
url = {http://s1.nonlinear.ir/epublish/standard/iec/onybyone/60751.pdf},
urldate = {05.12.2019},
year = 2008, 
}
@techreport{grundlagen_pt100_messung,
author = "{Greisinger electronic}",
month = {Juni},
title = "{Grundlagen zur Präzisions-Temperaturmessung mit Pt100-Sensoren}",
url = {https://www.greisinger.de/files/upload/de/downloads/dokumente/Pt100%204-Leiter%20-%20Praezisionstemperaturmessung.pdf},
urldate = {04.10.2019},
year = 2010, 
}
@manual{e_reihe,
author = "{Vishay}",
month = {März},
title = "{Standard Series Values in a Decade for Resistances and Capacitances}",
url = {https://www.vishay.com/docs/28372/e-series.pdf},
urldate = {04.10.2019},
year = 2012, 
type = "{Lookup Table}",
}
@manual{nxp_k22_td,
author = "{NXP Semiconductors}",
month = {August},
title = "{Kinetis K22F 512KB Flash}",
url = {https://www.nxp.com/docs/en/data-sheet/K22P121M120SF7.pdf},
urldate = {05.10.2019},
year = 2016, 
type = "{Data Sheet: Technical Data}",
}
@manual{nxp_k22_rm,
author = "{NXP Semiconductors}",
month = {August},
title = "{K22F Sub-Family Reference Manual}",
url = {http://cache.freescale.com/files/microcontrollers/doc/ref_manual/K22P121M120SF7RM.pdf},
urldate = {05.10.2019},
year = 2016, 
type = "{Reference Manual}",
}
@techreport{magtrol_hysteresebremse,
author = "{Magtrol Inc}",
month = {November},
title = "{Hysteresebremsen und -kupplungen}",
url = {https://www.magtrol.com/germany/wp-content/uploads/hb_manual_de.pdf},
urldate = {10.10.2019},
year = 2011, 
}
@manual{ti_OPA2187_datasheet,
author = "{Texas Instruments}",
month = {Dezember},
title = "{OPAx187 0.001-uV/C Drift, Low Power, Rail-to-Rail Output 36-V Operational Amplifiers Zero-Drift Series}",
url = {http://www.ti.com/lit/ds/symlink/opa2187.pdf},
urldate = {08.10.2019},
year = 2018, 
type = "{Datasheet}",
}
@manual{ti_ads124s08_cookbook,
author = {Joseph Wu},
month = {Dezember},
title = "{Four-wire PT100 RTD measurement circuit with low-side references}",
url = {http://www.ti.com/lit/an/sbaa336/sbaa336.pdf},
urldate = {11.10.2019},
year = 2018, 
type = "{Design Cookbook}",
}
@manual{ti_ads114s08_datasheet,
author = "{Texas Instruments}",
month = {Juni},
title = "{ADS114S0x Low-Power, Low-Noise, Highly Integrated, 6- and 12-Channel, 4-kSPS, 16-Bit, Delta-Sigma ADC with PGA and Voltage Reference}",
url = {http://www.ti.com/lit/ds/symlink/ads114s08.pdf},
urldate = {11.10.2019},
year = 2017, 
type = "{Datasheet}",
}
@techreport{ad_bridge_type_sensors,
author = {Reza Moghimi},
month = {Mai},
title = "{Bridge-Type Sensor Measurements are Enhanced by Autozeroed Instrumentation Amplifiers with Digitally Programmable Gain and Output Offset}",
url = {https://www.analog.com/media/en/analog-dialogue/volume-38/number-2/articles/bridge-type-sensor-measurements.pdf},
urldate = {15.10.2019},
year = 2004, 
}
@manual{ti_ads1232_datasheet,
author = "{Texas Instruments}",
month = {Februar},
title = "{ADS123x: 24-Bit Analog-to-Digital Converter For Bridge Sensors}",
url = {https://www.ti.com/lit/ds/sbas350f/sbas350f.pdf},
urldate = {17.10.2019},
year = 2008, 
type = "{Datasheet}",
}
@manual{ad_ltc2645_datasheet,
author = "{Analog Devices}",
month = {November},
title = "{LTC2645: Quad 12-/10-/8-Bit PWM to VOUT DACs with 10ppm/K Reference}",
url = {https://www.analog.com/media/en/technical-documentation/data-sheets/ltc2645.pdf},
urldate = {18.10.2019},
year = 2018, 
type = "{Datasheet}",
}
@manual{ti_lmr14010a_datasheet,
author = "{Texas Instruments}",
month = {März},
title = "{LMR14010A 4-V to 40-V, 1-A Step-Down Converter With High Efficiency Eco-mode}",
url = {http://www.ti.com/lit/ds/symlink/lmr14010a.pdf},
urldate = {18.10.2019},
year = 2018, 
type = "{Datasheet}",
}